.. $Id: psim.bib 7726 2018-09-07 21:57:35Z jcollins $

.. To generate a new reference:
.. 1. Find it in scholar.google.com by typing the title or other means
.. 2. Click on the right quote.
.. 3. Click on bibtex
.. 4. Copy text into this file in alphabetical order
.. 5. Cite using, e.g., cite:`bauer2008truncated`
.. 6. Add references to a document with:
.. https://sphinxcontrib-bibtex.readthedocs.io/en/latest/usage.html#mismatch-between-output-of-html-and-latex-backends
.. only:: html

  .. rubric:: References

.. bibtex: multiple inclusions appear to be okay
.. bibliography:: ../../../zzdocsconf/psim.bib
.. where the above is the relative path to psim.bib from the document source.

@inproceedings{ahedo2000steady,
  title={Steady and linearly-unsteady analysis of a Hall thruster with an internal sonic point},
  author={Ahedo, E and Martinez, P and Martinez-Sanchez, M},
  booktitle={36th AIAA/ASME/SAE/ASEE Joint Propulsion Conference and Exhibit},
  pages={3655},
  year={2000}
}

@article{ammosov1986mv,
  title={Tunnel ionization of complex atoms and of atomic ions in an alternating
electromagnetic field},
  author={Ammosov, MV and Delone, NB and Krainov, VP},
  journal={Sov. Phys. JETP},
  volume={64},
  pages={1191},
  year={1986}
}

@inproceedings{austin2009validation,
  title={Validation of broadly filtered diagonalization method for extracting frequencies and modes from high-performance computations},
  author={Austin, TM and Cary, JR and Werner, GR and Bellantoni, L},
  booktitle={Journal of Physics: Conference Series},
  volume={180},
  number={1},
  pages={012003},
  year={2009},
  organization={IOP Publishing}
}

@article{barnett1990atomic,
  title={Atomic data for fusion. Volume 1: Collisions of H, H2, He and Li atoms and ions with atoms and molecules},
  author={Barnett, Clarence F and Hunter, Hamilton T and Fitzpatrick, M Imogene and Alvarez, I and Cisneros, C and Phaneuf, Ronald A},
  journal={NASA STI/Recon Technical Report N},
  volume={91},
  year={1990}
}

@article{bauer2008truncated,
  title={Truncated photonic crystal cavities with optimized mode confinement},
  author={Bauer, Carl A and Werner, Gregory R and Cary, John R},
  journal={Journal of Applied Physics},
  volume={104},
  number={5},
  pages={053107},
  year={2008},
  publisher={AIP}
}

@article{bauer2011second,
  title={A second-order 3D electromagnetics algorithm for curved interfaces between anisotropic dielectrics on a Yee mesh},
  author={Bauer, Carl A and Werner, Gregory R and Cary, John R},
  journal={Journal of Computational Physics},
  volume={230},
  number={5},
  pages={2060--2075},
  year={2011},
  publisher={Elsevier}
}

@misc{bidsall1991plasma,
  title={Plasma Physics via Computer Simulation, Adam Hilger},
  author={Bidsall, CK and Langdon, AB},
  year={1991},
  publisher={Bristol}
}

@book{birdsall2004plasma,
  title={Plasma physics via computer simulation},
  author={Birdsall, Charles K and Langdon, A Bruce},
  year={2004},
  publisher={CRC press}
}

@article{chen2012theory,
  title={Theory of ionization-induced trapping in laser-plasma accelerators},
  author={Chen, M and Esarey, E and Schroeder, CB and Geddes, CGR and Leemans, WP},
  journal={Physics of Plasmas},
  volume={19},
  number={3},
  pages={033101},
  year={2012},
  publisher={AIP}
}

@article{chen2013numerical,
  title={Numerical modeling of laser tunneling ionization in explicit particle-in-cell codes},
  author={Chen, Min and Cormier-Michel, Estelle and Geddes, Cameron GR and Bruhwiler, David L and Yu, LL and Esarey, Eric and Schroeder, CB and Leemans, WP},
  journal={Journal of Computational Physics},
  volume={236},
  pages={220--228},
  year={2013},
  publisher={Elsevier}
}

@misc{chen2006electron,
  title={Electron injection and trapping in a laser wakefield by field ionization to high-charge states of gases},
  author={Chen, Min and Sheng, Zheng-Ming and Ma, Yan-Yun and Zhang, Jie},
  year={2006},
  publisher={AIP}
}

@inproceedings{cormier2010design,
  title={Design and Interpretation of Colliding Pulse Injected Laser-Plasma Acceleration Experiments},
  author={Cormier-Michel, Estelle and Ranjbar, Vahid H and Bruhwiler, David L and Chen, Min and Geddes, Cameron GR and Esarey, Eric and Schroeder, Carl B and Leemans, Wim P},
  booktitle={AIP Conference Proceedings},
  volume={1299},
  number={1},
  pages={215--220},
  year={2010},
  organization={AIP}
}

@article{courant1928partial,
  title={ON THE PARTIAL DIFFERENCE EQUATIONS OP MATHEMATICAL PHYSICS},
  author={Courant, R and Friedrichs, K and Lewy, H},
  journal={Mathematische Annalen},
  volume={100},
  year={1928}
}

@article{cowan2013generalized,
  title={Generalized algorithm for control of numerical dispersion in explicit time-domain electromagnetic simulations},
  author={Cowan, Benjamin M and Bruhwiler, David L and Cary, John R and Cormier-Michel, Estelle and Geddes, Cameron GR},
  journal={Physical Review Special Topics-Accelerators and Beams},
  volume={16},
  number={4},
  pages={041303},
  year={2013},
  publisher={APS}
}

@article{delone1991energy,
  title={Energy and angular electron spectra for the tunnel ionization of atoms by strong low-frequency radiation},
  author={Delone, NB and Krainov, Vladimir P},
  journal={JOSA B},
  volume={8},
  number={6},
  pages={1207--1211},
  year={1991},
  publisher={Optical Society of America}
}

@article{dey1997locally,
  title={A locally conformal finite-difference time-domain (FDTD) algorithm for modeling three-dimensional perfectly conducting objects},
  author={Dey, Supriyo and Mittra, Raj},
  journal={IEEE Microwave and Guided Wave Letters},
  volume={7},
  number={9},
  pages={273--275},
  year={1997},
  publisher={IEEE}
}

@article{furman2002ma,
  title={Probabilistic model for the simulation of secondary electron emission},
  author={Furman, MA and Pivi, MTF},
  journal={Phys. Rev. ST Accel. Beams},
  volume={5},
  pages={124404},
  year={2002}
}

@article{furman2002probabilistic,
  title={Probabilistic model for the simulation of secondary electron emission},
  author={Furman, MA and Pivi, MTF},
  journal={Physical Review Special Topics-Accelerators and Beams},
  volume={5},
  number={12},
  pages={124404},
  year={2002},
  publisher={APS}
}

@article{geddes2004high,
  title={High-quality electron beams from a laser wakefield accelerator using plasma-channel guiding},
  author={Geddes, CGR and Toth, Cs and Van Tilborg, J and Esarey, E and Schroeder, CB and Bruhwiler, D and Nieter, C and Cary, J and Leemans, WP},
  journal={Nature},
  volume={431},
  number={7008},
  pages={538},
  year={2004},
  publisher={Nature Publishing Group}
}

@article{gedney1996anisotropic,
  title={An anisotropic perfectly matched layer-absorbing medium for the truncation of FDTD lattices},
  author={Gedney, Stephen D},
  journal={IEEE transactions on Antennas and Propagation},
  volume={44},
  number={12},
  pages={1630--1639},
  year={1996},
  publisher={IEEE}
}

@article{hadley2002high,
  title={High-accuracy finite-difference equations for dielectric waveguide analysis II: Dielectric corners},
  author={Hadley, G Ronald},
  journal={Journal of lightwave technology},
  volume={20},
  number={7},
  pages={1219},
  year={2002},
  publisher={IEEE}
}

@book{hockney1988computer,
  title={Computer simulation using particles},
  author={Hockney, Roger W and Eastwood, James W},
  year={1988},
  publisher={crc Press}
}

@article{ilkov1992ionization,
  title={Ionization of atoms in the tunnelling regime with experimental evidence using Hg atoms},
  author={Ilkov, FA and Decker, JE and Chin, SL},
  journal={Journal of Physics B: Atomic, Molecular and Optical Physics},
  volume={25},
  number={19},
  pages={4005},
  year={1992},
  publisher={IOP Publishing}
}

@article{keldysh1965ionization,
  title={Ionization in the field of a strong electromagnetic wave},
  author={Keldysh, LV and others},
  journal={Sov. Phys. JETP},
  volume={20},
  number={5},
  pages={1307--1314},
  year={1965}
}

@article{kim1992compact,
  title={Compact fitting formulas for electron-impact cross sections},
  author={Kim, Yong-Ki},
  journal={Journal of research of the National Institute of Standards and Technology},
  volume={97},
  number={6},
  pages={689},
  year={1992},
  publisher={National Institute of Standards and Technology}
}

@book{laney1998computational,
  title={Computational gasdynamics},
  author={Laney, Culbert B},
  year={1998},
  publisher={Cambridge university press}
}

@article{lindsay2005charge,
  title={Charge transfer cross sections for energetic neutral atom data analysis},
  author={Lindsay, BG and Stebbings, RF},
  journal={Journal of Geophysical Research: Space Physics},
  volume={110},
  number={A12},
  year={2005},
  publisher={Wiley Online Library}
}

@inproceedings{mahalingam2011fully,
  title={Fully Coupled Electric Field/PIC-MCC Simulation Results of the Plasma in the Discharge Chamber of an Ion Engine},
  author={Mahalingam, Sudhakar and Choi, Yongjun and Loverich, John and Stoltz, Peter and Bias, Bryan and Menart, James},
  booktitle={47th AIAA/ASME/SAE/ASEE Joint Propulsion Conference \& Exhibit},
  pages={6071},
  year={2011}
}

@article{martins2010exploring,
  title={Exploring laser-wakefield-accelerator regimes for near-term lasers using particle-in-cell simulation in Lorentz-boosted frames},
  author={Martins, Samuel F and Fonseca, RA and Lu, W and Mori, WB and Silva, LO},
  journal={Nature Physics},
  volume={6},
  number={4},
  pages={311},
  year={2010},
  publisher={Nature Publishing Group}
}

@article{martins2010modeling,
  title={Modeling laser wakefield accelerator experiments with ultrafast particle-in-cell simulations in boosted frames},
  author={Martins, SF and Fonseca, RA and Vieira, J and Silva, LO and Lu, W and Mori, WB},
  journal={Physics of Plasmas},
  volume={17},
  number={5},
  pages={056705},
  year={2010},
  publisher={AIP}
}

@article{martins2010numerical,
  title={Numerical simulations of laser wakefield accelerators in optimal Lorentz frames},
  author={Martins, Samuel F and Fonseca, Ricardo A and Silva, Lu{\'\i}s O and Lu, Wei and Mori, Warren B},
  journal={Computer Physics Communications},
  volume={181},
  number={5},
  pages={869--875},
  year={2010},
  publisher={Elsevier}
}

@book{mc2014computational,
  title={Computational Explorations in Magnetron Sputtering},
  author={Mc Inerney, EJ},
  year={2014},
  publisher={Basics Numerics Press}
}

@article{messmer2004parallel,
  title={A parallel electrostatic solver for the VORPAL code},
  author={Messmer, Peter and Bruhwiler, David L},
  journal={Computer physics communications},
  volume={164},
  number={1-3},
  pages={118--121},
  year={2004},
  publisher={Elsevier}
}

@article{miller2002xenon,
  title={Xenon charge exchange cross sections for electrostatic thruster models},
  author={Miller, J Scott and Pullins, Steve H and Levandier, Dale J and Chiu, Yu-hui and Dressler, Rainer A},
  journal={Journal of Applied Physics},
  volume={91},
  number={3},
  pages={984--991},
  year={2002},
  publisher={AIP}
}

@article{mur1998total,
  title={Total-field absorbing boundary conditions for the time-domain electromagnetic field equations},
  author={Mur, Gerrit},
  journal={IEEE transactions on electromagnetic compatibility},
  volume={40},
  number={2},
  pages={100--102},
  year={1998},
  publisher={IEEE}
}

@article{nieter2004vorpal,
  title={VORPAL: a versatile plasma simulation code},
  author={Nieter, Chet and Cary, John R},
  journal={Journal of Computational Physics},
  volume={196},
  number={2},
  pages={448--473},
  year={2004},
  publisher={Elsevier}
}

@article{nieter2009application,
  title={Application of Dey--Mittra conformal boundary algorithm to 3D electromagnetic modeling},
  author={Nieter, Chet and Cary, John R and Werner, Gregory R and Smithe, David N and Stoltz, Peter H},
  journal={Journal of Computational Physics},
  volume={228},
  number={21},
  pages={7902--7916},
  year={2009},
  publisher={Elsevier}
}

@article{oskooi2008failure,
  title={The failure of perfectly matched layers, and towards their redemption by adiabatic absorbers},
  author={Oskooi, Ardavan F and Zhang, Lei and Avniel, Yehuda and Johnson, Steven G},
  journal={Optics Express},
  volume={16},
  number={15},
  pages={11376--11392},
  year={2008},
  publisher={Optical Society of America}
}

@book{padamsee2009rf,
  title={RF superconductivity: science, technology, and applications},
  author={Padamsee, Hasan},
  year={2009},
  publisher={John Wiley \& Sons}
}

@article{penetrante1991residual,
  title={Residual energy in plasmas produced by intense subpicosecond lasers},
  author={Penetrante, BM and Bardsley, JN},
  journal={Physical Review A},
  volume={43},
  number={6},
  pages={3100},
  year={1991},
  publisher={APS}
}

@article{perkins1991tables,
  title={Tables and graphs of electron-interaction cross-sections from 10 eV to 100 GeV derived from the LLNL evaluated electron data library (EEDL), Z= 1-100},
  author={Perkins, ST and Cullen, DE and Seltzer, SM},
  journal={UCRL-50400},
  volume={31},
  pages={21--24},
  year={1991},
  publisher={Lawrence Livermore National Laboratory CA}
}

@techreport{perkins2002endl,
  title={ENDL type formats for the LLNL Evaluated Atomic Data Library, EADL, for the Evaluated Electron Data Library, EEDL, and for the Evaluated Photon Data Library, EPDL},
  author={Perkins, ST and Cullen, DE},
  howpublished={\url{https://www.osti.gov/biblio/10172308-c4s1T4/native/}},
  year={2002},
  note={Accessed: 2018-08-15},
  institution={Lawrence Livermore National Lab.(LLNL), Livermore, CA (United States)}
}

@book{reiser2008theory,
  title={Theory and design of charged particle beams},
  author={Reiser, Martin},
  year={2008},
  publisher={John Wiley \& Sons}
}

@article{rickard2002perfectly,
  title={A perfectly matched layer for the 3-D wave equation in the time domain},
  author={Rickard, Yotka and Georgieva, Natalia and Huang, Wei-Ping},
  journal={IEEE microwave and wireless components letters},
  volume={12},
  number={5},
  pages={181--183},
  year={2002},
  publisher={IEEE}
}

@article{shull1982ionization,
  title={The ionization equilibrium of astrophysically abundant elements},
  author={Shull, J Michael and Van Steenberg, Michael},
  journal={The Astrophysical Journal Supplement Series},
  volume={48},
  pages={95--107},
  year={1982}
}

@techreport{spicer2006study,
  title={A Study of Particle Collisions in Electric Propulsion Plasma Plumes},
  author={Spicer, Randy L and Wang, Joseph and Breida, Lubos},
  year={2006},
  institution={AIR FORCE RESEARCH LAB EDWARDS AFB CA PROPULSION DIRECTORATE}
}

@article{stoltz2006modeling,
  title={Modeling ion-induced electrons in the High Current Experiment},
  author={Stoltz, PH and Verboncoeur, JP and Cohen, RH and Molvik, AW and Vay, J-L and Veitzer, SA},
  journal={Physics of plasmas},
  volume={13},
  number={5},
  pages={056702},
  year={2006},
  publisher={AIP}
}

@article{taccogna2004stationary,
  title={Stationary plasma thruster simulation},
  author={Taccogna, Francesco and Longo, Savino and Capitelli, Mario and Schneider, Ralf},
  journal={Computer physics communications},
  volume={164},
  number={1-3},
  pages={160--170},
  year={2004},
  publisher={Elsevier}
}

@article{taccogna2005plasma,
  title={Plasma flow in a Hall thruster},
  author={Taccogna, Francesco and Longo, Savino and Capitelli, Mario and Schneider, Ralf},
  journal={Physics of plasmas},
  volume={12},
  number={4},
  pages={043502},
  year={2005},
  publisher={AIP}
}

@article{turner2013simulation,
  title={Simulation benchmarks for low-pressure plasmas: Capacitive discharges},
  author={Turner, Miles M and Derzsi, Aranka and Donko, Zoltan and Eremin, Denis and Kelly, Sean J and Lafleur, Trevor and Mussenbrock, Thomas},
  journal={Physics of Plasmas},
  volume={20},
  number={1},
  pages={013507},
  year={2013},
  publisher={AIP}
}

@article{vahedi1995monte,
  title={A Monte Carlo collision model for the particle-in-cell method: applications to argon and oxygen discharges},
  author={Vahedi, Vahid and Surendra, Maheswaran},
  journal={Computer Physics Communications},
  volume={87},
  number={1-2},
  pages={179--198},
  year={1995},
  publisher={Elsevier}
}

@article{vahedi1997simultaneous,
  title={Simultaneous potential and circuit solution for two-dimensional bounded plasma simulation codes},
  author={Vahedi, Vahid and DiPeso, G},
  journal={Journal of Computational Physics},
  volume={131},
  number={1},
  pages={149--163},
  year={1997},
  publisher={Elsevier}
}

@article{vay2007noninvariance,
  title={Noninvariance of space-and time-scale ranges under a Lorentz transformation and the implications for the study of relativistic interactions},
  author={Vay, J-L},
  journal={Physical review letters},
  volume={98},
  number={13},
  pages={130405},
  year={2007},
  publisher={APS}
}

@article{vay2011modeling,
  title={Modeling of 10 GeV-1 TeV laser-plasma accelerators using Lorentz boosted simulations},
  author={Vay, J-L and Geddes, CGR and Esarey, E and Schroeder, CB and Leemans, WP and Cormier-Michel, E and Grote, DP},
  journal={Physics of Plasmas},
  volume={18},
  number={12},
  pages={123103},
  year={2011},
  publisher={AIP}
}

@article{vay2011numerical,
  title={Numerical methods for instability mitigation in the modeling of laser wakefield accelerators in a Lorentz-boosted frame},
  author={Vay, J-L and Geddes, Cameron GR and Cormier-Michel, Estelle and Grote, David P},
  journal={Journal of Computational Physics},
  volume={230},
  number={15},
  pages={5908--5929},
  year={2011},
  publisher={Elsevier}
}

@article{verboncoeur1993simultaneous,
  title={Simultaneous potential and circuit solution for 1D bounded plasma particle simulation codes},
  author={Verboncoeur, John P and Alves, Maria Virginia and Vahedi, Vahid and Birdsall, Charles Kennedy},
  journal={Journal of Computational Physics},
  volume={104},
  number={2},
  pages={321--328},
  year={1993},
  publisher={Elsevier}
}

@misc{PSim,
  title = {{PSim}: A Complex Block Copolymer Modeling Application},
  howpublished = {\url{https://www.txcorp.com/psim}},
  note = {Accessed: 2018-08-12}
}

@article{werner2007stable,
  title={A stable FDTD algorithm for non-diagonal, anisotropic dielectrics},
  author={Werner, Gregory R and Cary, John R},
  journal={Journal of Computational Physics},
  volume={226},
  number={1},
  pages={1085--1101},
  year={2007},
  publisher={Elsevier}
}

@article{werner2008extracting,
  title={Extracting degenerate modes and frequencies from time-domain simulations with filter-diagonalization},
  author={Werner, Gregory R and Cary, John R},
  journal={Journal of Computational Physics},
  volume={227},
  number={10},
  pages={5200--5214},
  year={2008},
  publisher={Elsevier}
}

@article{werner2013more,
  title={A more accurate, stable, FDTD algorithm for electromagnetics in anisotropic dielectrics},
  author={Werner, Gregory R and Bauer, Carl A and Cary, John R},
  journal={Journal of Computational Physics},
  volume={255},
  pages={436--455},
  year={2013},
  publisher={Elsevier}
}

@misc{WGD,
  author = "{Wikipedia contributors}",
  title = "Glow discharge -- {W}ikipedia{,} The Free Encyclopedia",
  year = "2018",
  url = "https://en.wikipedia.org/wiki/Glow_discharge",
  note = "[Online; accessed 2018-08-27]"
}

@article{yee1966numerical,
  title={Numerical solution of initial boundary value problems involving Maxwell's equations in isotropic media},
  author={Yee, Kane},
  journal={IEEE Transactions on antennas and propagation},
  volume={14},
  number={3},
  pages={302--307},
  year={1966},
  publisher={IEEE}
}

